<record><leader>00000cas a22000007a 4500</leader><controlfield tag="001">13430719</controlfield><controlfield tag="008">860414d18181823pauwr ne      0    0eng d</controlfield><datafield ind1=" " ind2=" " tag="010"><subfield code="a">sn 86081279 </subfield></datafield><datafield ind1=" " ind2=" " tag="040"><subfield code="a">NPH</subfield><subfield code="b">eng</subfield><subfield code="c">NPH</subfield><subfield code="d">NPX</subfield><subfield code="d">YOX</subfield><subfield code="d">NYS</subfield><subfield code="d">KRTAS</subfield><subfield code="d">OCLCQ</subfield></datafield><datafield ind1=" " ind2=" " tag="042"><subfield code="a">msc</subfield></datafield><datafield ind1="0" ind2=" " tag="130"><subfield code="a">Settler (Towanda, Pa. : 1818)</subfield></datafield><datafield ind1="1" ind2="4" tag="245"><subfield code="a">The settler.</subfield></datafield><datafield ind1=" " ind2=" " tag="260"><subfield code="a">Towanda, Pa. :</subfield><subfield code="b">Edwin Benjamin</subfield></datafield><datafield ind1=" " ind2=" " tag="300"><subfield code="a">v. ;</subfield><subfield code="c">49 cm.</subfield></datafield><datafield ind1=" " ind2=" " tag="310"><subfield code="a">Weekly</subfield></datafield><datafield ind1="0" ind2=" " tag="362"><subfield code="a">Vol. 1, no. 1 (Sept. 5, 1818)-</subfield></datafield><datafield ind1="1" ind2=" " tag="362"><subfield code="a">Ceased in Aug. 1823.</subfield><subfield code="z">Cf. Heverly, C.F. Hist. and geography of Bradford Co. Pa. 1615-1924.</subfield></datafield><datafield ind1=" " ind2=" " tag="500"><subfield code="a">Imprint varies: Towanda, Pa., 1818-&lt;1820&gt;; Meansville [i.e. Towanda], Pa., 1821-1823.</subfield></datafield><datafield ind1=" " ind2=" " tag="500"><subfield code="a">Publishers: Streator &amp; Benjamin, &lt;1819&gt;; George Scott, &lt;1821-1822&gt;.</subfield></datafield><datafield ind1="4" ind2=" " tag="510"><subfield code="a">Shaw &amp; Shoemaker</subfield><subfield code="c">45690</subfield></datafield><datafield ind1="4" ind2=" " tag="510"><subfield code="a">Brigham, C.S. Amer. newspapers,</subfield><subfield code="c">p. 977</subfield></datafield><datafield ind1=" " ind2=" " tag="515"><subfield code="a">Sept. 5, 1818 issue misdated Aug. 5, 1818.</subfield></datafield><datafield ind1="1" ind2=" " tag="700"><subfield code="a">Streator, Lemuel.</subfield></datafield><datafield ind1="1" ind2=" " tag="700"><subfield code="a">Benjamin, Edwin.</subfield></datafield><datafield ind1=" " ind2=" " tag="752"><subfield code="a">United States</subfield><subfield code="b">Pennsylvania</subfield><subfield code="c">Bradford</subfield><subfield code="d">Towanda.</subfield></datafield><datafield ind1=" " ind2=" " tag="752"><subfield code="a">United States</subfield><subfield code="b">Pennsylvania</subfield><subfield code="c">Bradford</subfield><subfield code="d">Meansville.</subfield></datafield><datafield ind1="0" ind2="0" tag="780"><subfield code="t">Bradford gazette</subfield><subfield code="w">(DLC)sn 86081280</subfield></datafield><datafield ind1="0" ind2="0" tag="785"><subfield code="t">Bradford settler</subfield><subfield code="w">(DLC)sn 85054222</subfield></datafield><datafield ind1=" " ind2=" " tag="938"><subfield code="a">Kirtas Technologies, Inc.</subfield><subfield code="b">KRTS</subfield><subfield code="n">739582</subfield></datafield><datafield ind1="1" ind2=" " tag="029"><subfield code="a">AU@</subfield><subfield code="b">000025813896</subfield></datafield></record>